<?xml version="1.0" encoding="UTF-8" standalone="yes"?>
<Document xmlns="urn:iso:std:iso:20022:tech:xsd:pain.008.001.02">
<CstmrDrctDbtInitn>
<GrpHdr>
    <MsgId>myGeneratedFile1419601206666</MsgId>
    <CreDtTm>2016-11-26T14:40:06</CreDtTm>
    <NbOfTxs>20</NbOfTxs>
    <CtrlSum>1002000</CtrlSum>
    <InitgPty>
        <Nm>DelaunayCreditor</Nm>
        <PstlAdr>
            <StrtNm>Bd Vivier Merle</StrtNm>
            <TwnNm>Lyon</TwnNm>
            <Ctry>FR</Ctry>
        </PstlAdr>
        <CtctDtls>
            <Nm>DelaunayCreditor</Nm>
            <EmailAdr>creditor@mail.com</EmailAdr>
        </CtctDtls>
    </InitgPty>
</GrpHdr>
<PmtInf>
    <PmtInfId>1</PmtInfId>
    <PmtMtd>DD</PmtMtd>
    <ReqdColltnDt>2015-02-06</ReqdColltnDt>
    <Cdtr>
        <Nm>DelaunayCreditor</Nm>
        <PstlAdr>
            <StrtNm>Bd Vivier Merle</StrtNm>
            <TwnNm>Lyon</TwnNm>
            <Ctry>FR</Ctry>
        </PstlAdr>
    </Cdtr>
    <CdtrAcct>
        <Id>
            <IBAN>FR9999999999999999999999999</IBAN>
        </Id>
    </CdtrAcct>
    <CdtrAgt>
        <FinInstnId>
            <BIC>JAKYFRPPRIG</BIC>
        </FinInstnId>
    </CdtrAgt>
    <CdtrSchmeId>
        <Id>
            <PrvtId>
                <Othr>
                    <Id>FR26ZZZ66666</Id>
                    <SchmeNm>
                        <Prtry>SEPA</Prtry>
                    </SchmeNm>
                </Othr>
            </PrvtId>
        </Id>
    </CdtrSchmeId>
<DrctDbtTxInf>
    <PmtId>
        <EndToEndId>AUTREBANKDEBITEUR</EndToEndId>
    </PmtId>
    <PmtTpInf>
        <InstrPrty>NORM</InstrPrty>
        <SeqTp>FRST</SeqTp>
    </PmtTpInf>
    <InstdAmt Ccy="FRA">100</InstdAmt>
    <ChrgBr>SLEV</ChrgBr>
    <DrctDbtTx>
        <MndtRltdInf>
            <MndtId>ERRORUMR-00</MndtId>
            <DtOfSgntr>2014-11-26</DtOfSgntr>
        </MndtRltdInf>
    </DrctDbtTx>
    <DbtrAgt>
        <FinInstnId>
            <BIC>ZZZZFRPPXXX</BIC>
        </FinInstnId>
    </DbtrAgt>
    <Dbtr>
        <Nm>Monsieur tout le monde</Nm>
        <PstlAdr>
            <StrtNm>Bd Vivier Merle</StrtNm>
            <TwnNm>Lyon</TwnNm>
            <Ctry>FR</Ctry>
        </PstlAdr>
    </Dbtr>
    <DbtrAcct>
        <Id>
            <IBAN>FR0000000000000000000000000</IBAN>
        </Id>
    </DbtrAcct>
    <RmtInf>
        <Ustrd>Remitance Info</Ustrd>
    </RmtInf>
</DrctDbtTxInf>
<DrctDbtTxInf>
    <PmtId>
        <EndToEndId>MONTANTTROPPETIT</EndToEndId>
    </PmtId>
    <PmtTpInf>
        <InstrPrty>NORM</InstrPrty>
        <SeqTp>FRST</SeqTp>
    </PmtTpInf>
    <InstdAmt Ccy="EUR">50</InstdAmt>
    <ChrgBr>SLEV</ChrgBr>
    <DrctDbtTx>
        <MndtRltdInf>
            <MndtId>ERRORUMR-01</MndtId>
            <DtOfSgntr>2014-11-26</DtOfSgntr>
        </MndtRltdInf>
    </DrctDbtTx>
    <DbtrAgt>
        <FinInstnId>
            <BIC>JAKYFRPPXXX</BIC>
        </FinInstnId>
    </DbtrAgt>
    <Dbtr>
        <Nm>Monsieur tout le monde</Nm>
        <PstlAdr>
            <StrtNm>Bd Vivier Merle</StrtNm>
            <TwnNm>Lyon</TwnNm>
            <Ctry>FR</Ctry>
        </PstlAdr>
    </Dbtr>
    <DbtrAcct>
        <Id>
            <IBAN>FR0000000000000000000000000</IBAN>
        </Id>
    </DbtrAcct>
    <RmtInf>
        <Ustrd>Remitance Info</Ustrd>
    </RmtInf>
</DrctDbtTxInf>
<DrctDbtTxInf>
    <PmtId>
        <EndToEndId>MONTANTTROPELEVE</EndToEndId>
    </PmtId>
    <PmtTpInf>
        <InstrPrty>NORM</InstrPrty>
        <SeqTp>FRST</SeqTp>
    </PmtTpInf>
    <InstdAmt Ccy="EUR">1000150</InstdAmt>
    <ChrgBr>SLEV</ChrgBr>
    <DrctDbtTx>
        <MndtRltdInf>
            <MndtId>ERRORUMR-02</MndtId>
            <DtOfSgntr>2014-11-26</DtOfSgntr>
        </MndtRltdInf>
    </DrctDbtTx>
    <DbtrAgt>
        <FinInstnId>
            <BIC>JAKYFRPPXXX</BIC>
        </FinInstnId>
    </DbtrAgt>
    <Dbtr>
        <Nm>Monsieur tout le monde</Nm>
        <PstlAdr>
            <StrtNm>Bd Vivier Merle</StrtNm>
            <TwnNm>Lyon</TwnNm>
            <Ctry>FR</Ctry>
        </PstlAdr>
    </Dbtr>
    <DbtrAcct>
        <Id>
            <IBAN>FR0000000000000000000000000</IBAN>
        </Id>
    </DbtrAcct>
    <RmtInf>
        <Ustrd>Remitance Info</Ustrd>
    </RmtInf>
</DrctDbtTxInf>
<DrctDbtTxInf>
    <PmtId>
        <EndToEndId>AUTREQUEEURO</EndToEndId>
    </PmtId>
    <PmtTpInf>
        <InstrPrty>NORM</InstrPrty>
        <SeqTp>FRST</SeqTp>
    </PmtTpInf>
    <InstdAmt Ccy="FRA">100</InstdAmt>
    <ChrgBr>SLEV</ChrgBr>
    <DrctDbtTx>
        <MndtRltdInf>
            <MndtId>ERRORUMR-03</MndtId>
            <DtOfSgntr>2014-11-26</DtOfSgntr>
        </MndtRltdInf>
    </DrctDbtTx>
    <DbtrAgt>
        <FinInstnId>
            <BIC>JAKYFRPPXXX</BIC>
        </FinInstnId>
    </DbtrAgt>
    <Dbtr>
        <Nm>Monsieur tout le monde</Nm>
        <PstlAdr>
            <StrtNm>Bd Vivier Merle</StrtNm>
            <TwnNm>Lyon</TwnNm>
            <Ctry>FR</Ctry>
        </PstlAdr>
    </Dbtr>
    <DbtrAcct>
        <Id>
            <IBAN>FR0000000000000000000000000</IBAN>
        </Id>
    </DbtrAcct>
    <RmtInf>
        <Ustrd>Remitance Info</Ustrd>
    </RmtInf>
</DrctDbtTxInf>
<DrctDbtTxInf>
    <PmtId>
        <EndToEndId>PASDEMANDAT</EndToEndId>
    </PmtId>
    <PmtTpInf>
        <InstrPrty>NORM</InstrPrty>
        <SeqTp>RCUR</SeqTp>
    </PmtTpInf>
    <InstdAmt Ccy="EUR">100</InstdAmt>
    <ChrgBr>SLEV</ChrgBr>
    <DrctDbtTx>
        <MndtRltdInf>
            <MndtId>ERRORUMR-04</MndtId>
            <DtOfSgntr>2014-11-26</DtOfSgntr>
        </MndtRltdInf>
    </DrctDbtTx>
    <DbtrAgt>
        <FinInstnId>
            <BIC>JAKYFRPPXXX</BIC>
        </FinInstnId>
    </DbtrAgt>
    <Dbtr>
        <Nm>Monsieur tout le monde</Nm>
        <PstlAdr>
            <StrtNm>Bd Vivier Merle</StrtNm>
            <TwnNm>Lyon</TwnNm>
            <Ctry>FR</Ctry>
        </PstlAdr>
    </Dbtr>
    <DbtrAcct>
        <Id>
            <IBAN>FR0000000000000000000000000</IBAN>
        </Id>
    </DbtrAcct>
    <RmtInf>
        <Ustrd>Remitance Info</Ustrd>
    </RmtInf>
</DrctDbtTxInf>
<DrctDbtTxInf>
    <PmtId>
        <EndToEndId>MANDATFUTUR</EndToEndId>
    </PmtId>
    <PmtTpInf>
        <InstrPrty>NORM</InstrPrty>
        <SeqTp>FRST</SeqTp>
    </PmtTpInf>
    <InstdAmt Ccy="EUR">100</InstdAmt>
    <ChrgBr>SLEV</ChrgBr>
    <DrctDbtTx>
        <MndtRltdInf>
            <MndtId>ERRORUMR-05</MndtId>
            <DtOfSgntr>2017-11-26</DtOfSgntr>
        </MndtRltdInf>
    </DrctDbtTx>
    <DbtrAgt>
        <FinInstnId>
            <BIC>JAKYFRPPXXX</BIC>
        </FinInstnId>
    </DbtrAgt>
    <Dbtr>
        <Nm>Monsieur tout le monde</Nm>
        <PstlAdr>
            <StrtNm>Bd Vivier Merle</StrtNm>
            <TwnNm>Lyon</TwnNm>
            <Ctry>FR</Ctry>
        </PstlAdr>
    </Dbtr>
    <DbtrAcct>
        <Id>
            <IBAN>FR0000000000000000000000000</IBAN>
        </Id>
    </DbtrAcct>
    <RmtInf>
        <Ustrd>Remitance Info</Ustrd>
    </RmtInf>
</DrctDbtTxInf>
<DrctDbtTxInf>
    <PmtId>
        <EndToEndId>ERRORE2E-06</EndToEndId>
    </PmtId>
    <PmtTpInf>
        <InstrPrty>NORM</InstrPrty>
        <SeqTp>FRST</SeqTp>
    </PmtTpInf>
    <InstdAmt Ccy="EUR">100</InstdAmt>
    <ChrgBr>SLEV</ChrgBr>
    <DrctDbtTx>
        <MndtRltdInf>
            <MndtId>ERRORUMR-06</MndtId>
            <DtOfSgntr>2014-11-26</DtOfSgntr>
        </MndtRltdInf>
    </DrctDbtTx>
    <DbtrAgt>
        <FinInstnId>
            <BIC>JAKYFRPPXXX</BIC>
        </FinInstnId>
    </DbtrAgt>
    <Dbtr>
        <Nm>Monsieur tout le monde</Nm>
        <PstlAdr>
            <StrtNm>Bd Vivier Merle</StrtNm>
            <TwnNm>Lyon</TwnNm>
            <Ctry>FR</Ctry>
        </PstlAdr>
    </Dbtr>
    <DbtrAcct>
        <Id>
            <IBAN>FR0000000000000000000000000</IBAN>
        </Id>
    </DbtrAcct>
    <RmtInf>
        <Ustrd>Remitance Info</Ustrd>
    </RmtInf>
</DrctDbtTxInf>
<DrctDbtTxInf>
    <PmtId>
        <EndToEndId>ERRORE2E-07</EndToEndId>
    </PmtId>
    <PmtTpInf>
        <InstrPrty>NORM</InstrPrty>
        <SeqTp>FRST</SeqTp>
    </PmtTpInf>
    <InstdAmt Ccy="EUR">100</InstdAmt>
    <ChrgBr>SLEV</ChrgBr>
    <DrctDbtTx>
        <MndtRltdInf>
            <MndtId>ERRORUMR-07</MndtId>
            <DtOfSgntr>2014-11-26</DtOfSgntr>
        </MndtRltdInf>
    </DrctDbtTx>
    <DbtrAgt>
        <FinInstnId>
            <BIC>JAKYFRPPXXX</BIC>
        </FinInstnId>
    </DbtrAgt>
    <Dbtr>
        <Nm>Monsieur tout le monde</Nm>
        <PstlAdr>
            <StrtNm>Bd Vivier Merle</StrtNm>
            <TwnNm>Lyon</TwnNm>
            <Ctry>FR</Ctry>
        </PstlAdr>
    </Dbtr>
    <DbtrAcct>
        <Id>
            <IBAN>FR0000000000000000000000000</IBAN>
        </Id>
    </DbtrAcct>
    <RmtInf>
        <Ustrd>Remitance Info</Ustrd>
    </RmtInf>
</DrctDbtTxInf>
<DrctDbtTxInf>
    <PmtId>
        <EndToEndId>ERRORE2E-08</EndToEndId>
    </PmtId>
    <PmtTpInf>
        <InstrPrty>NORM</InstrPrty>
        <SeqTp>FRST</SeqTp>
    </PmtTpInf>
    <InstdAmt Ccy="EUR">100</InstdAmt>
    <ChrgBr>SLEV</ChrgBr>
    <DrctDbtTx>
        <MndtRltdInf>
            <MndtId>ERRORUMR-08</MndtId>
            <DtOfSgntr>2014-11-26</DtOfSgntr>
        </MndtRltdInf>
    </DrctDbtTx>
    <DbtrAgt>
        <FinInstnId>
            <BIC>JAKYFRPPXXX</BIC>
        </FinInstnId>
    </DbtrAgt>
    <Dbtr>
        <Nm>Monsieur tout le monde</Nm>
        <PstlAdr>
            <StrtNm>Bd Vivier Merle</StrtNm>
            <TwnNm>Lyon</TwnNm>
            <Ctry>FR</Ctry>
        </PstlAdr>
    </Dbtr>
    <DbtrAcct>
        <Id>
            <IBAN>FR0000000000000000000000000</IBAN>
        </Id>
    </DbtrAcct>
    <RmtInf>
        <Ustrd>Remitance Info</Ustrd>
    </RmtInf>
</DrctDbtTxInf>
<DrctDbtTxInf>
    <PmtId>
        <EndToEndId>ERRORE2E-09</EndToEndId>
    </PmtId>
    <PmtTpInf>
        <InstrPrty>NORM</InstrPrty>
        <SeqTp>FRST</SeqTp>
    </PmtTpInf>
    <InstdAmt Ccy="EUR">100</InstdAmt>
    <ChrgBr>SLEV</ChrgBr>
    <DrctDbtTx>
        <MndtRltdInf>
            <MndtId>ERRORUMR-09</MndtId>
            <DtOfSgntr>2014-11-26</DtOfSgntr>
        </MndtRltdInf>
    </DrctDbtTx>
    <DbtrAgt>
        <FinInstnId>
            <BIC>JAKYFRPPXXX</BIC>
        </FinInstnId>
    </DbtrAgt>
    <Dbtr>
        <Nm>Monsieur tout le monde</Nm>
        <PstlAdr>
            <StrtNm>Bd Vivier Merle</StrtNm>
            <TwnNm>Lyon</TwnNm>
            <Ctry>FR</Ctry>
        </PstlAdr>
    </Dbtr>
    <DbtrAcct>
        <Id>
            <IBAN>FR0000000000000000000000000</IBAN>
        </Id>
    </DbtrAcct>
    <RmtInf>
        <Ustrd>Remitance Info</Ustrd>
    </RmtInf>
</DrctDbtTxInf>
</PmtInf>
<PmtInf>
    <PmtInfId>TROPLOIN</PmtInfId>
    <PmtMtd>DD</PmtMtd>
    <ReqdColltnDt>2018-10-02</ReqdColltnDt>
    <Cdtr>
        <Nm>DelaunayCreditor</Nm>
        <PstlAdr>
            <StrtNm>Bd Vivier Merle</StrtNm>
            <TwnNm>Lyon</TwnNm>
            <Ctry>FR</Ctry>
        </PstlAdr>
    </Cdtr>
    <CdtrAcct>
        <Id>
            <IBAN>FR9999999999999999999999999</IBAN>
        </Id>
    </CdtrAcct>
    <CdtrAgt>
        <FinInstnId>
            <BIC>JAKYFRPPRIG</BIC>
        </FinInstnId>
    </CdtrAgt>
    <CdtrSchmeId>
        <Id>
            <PrvtId>
                <Othr>
                    <Id>FR26ZZZ66666</Id>
                    <SchmeNm>
                        <Prtry>SEPA</Prtry>
                    </SchmeNm>
                </Othr>
            </PrvtId>
        </Id>
    </CdtrSchmeId>
<DrctDbtTxInf>
    <PmtId>
        <EndToEndId>ERRORE2E-10</EndToEndId>
    </PmtId>
    <PmtTpInf>
        <InstrPrty>NORM</InstrPrty>
        <SeqTp>FRST</SeqTp>
    </PmtTpInf>
    <InstdAmt Ccy="EUR">100</InstdAmt>
    <ChrgBr>SLEV</ChrgBr>
    <DrctDbtTx>
        <MndtRltdInf>
            <MndtId>ERRORUMR-10</MndtId>
            <DtOfSgntr>2014-11-26</DtOfSgntr>
        </MndtRltdInf>
    </DrctDbtTx>
    <DbtrAgt>
        <FinInstnId>
            <BIC>JAKYFRPPXXX</BIC>
        </FinInstnId>
    </DbtrAgt>
    <Dbtr>
        <Nm>Monsieur tout le monde</Nm>
        <PstlAdr>
            <StrtNm>Bd Vivier Merle</StrtNm>
            <TwnNm>Lyon</TwnNm>
            <Ctry>FR</Ctry>
        </PstlAdr>
    </Dbtr>
    <DbtrAcct>
        <Id>
            <IBAN>FR0000000000000000000000000</IBAN>
        </Id>
    </DbtrAcct>
    <RmtInf>
        <Ustrd>Remitance Info</Ustrd>
    </RmtInf>
</DrctDbtTxInf>
<DrctDbtTxInf>
    <PmtId>
        <EndToEndId>ERRORE2E-11</EndToEndId>
    </PmtId>
    <PmtTpInf>
        <InstrPrty>NORM</InstrPrty>
        <SeqTp>FRST</SeqTp>
    </PmtTpInf>
    <InstdAmt Ccy="EUR">100</InstdAmt>
    <ChrgBr>SLEV</ChrgBr>
    <DrctDbtTx>
        <MndtRltdInf>
            <MndtId>ERRORUMR-11</MndtId>
            <DtOfSgntr>2014-11-26</DtOfSgntr>
        </MndtRltdInf>
    </DrctDbtTx>
    <DbtrAgt>
        <FinInstnId>
            <BIC>JAKYFRPPXXX</BIC>
        </FinInstnId>
    </DbtrAgt>
    <Dbtr>
        <Nm>Monsieur tout le monde</Nm>
        <PstlAdr>
            <StrtNm>Bd Vivier Merle</StrtNm>
            <TwnNm>Lyon</TwnNm>
            <Ctry>FR</Ctry>
        </PstlAdr>
    </Dbtr>
    <DbtrAcct>
        <Id>
            <IBAN>FR0000000000000000000000000</IBAN>
        </Id>
    </DbtrAcct>
    <RmtInf>
        <Ustrd>Remitance Info</Ustrd>
    </RmtInf>
</DrctDbtTxInf>
<DrctDbtTxInf>
    <PmtId>
        <EndToEndId>ERRORE2E-12</EndToEndId>
    </PmtId>
    <PmtTpInf>
        <InstrPrty>NORM</InstrPrty>
        <SeqTp>FRST</SeqTp>
    </PmtTpInf>
    <InstdAmt Ccy="EUR">100</InstdAmt>
    <ChrgBr>SLEV</ChrgBr>
    <DrctDbtTx>
        <MndtRltdInf>
            <MndtId>ERRORUMR-12</MndtId>
            <DtOfSgntr>2014-11-26</DtOfSgntr>
        </MndtRltdInf>
    </DrctDbtTx>
    <DbtrAgt>
        <FinInstnId>
            <BIC>JAKYFRPPXXX</BIC>
        </FinInstnId>
    </DbtrAgt>
    <Dbtr>
        <Nm>Monsieur tout le monde</Nm>
        <PstlAdr>
            <StrtNm>Bd Vivier Merle</StrtNm>
            <TwnNm>Lyon</TwnNm>
            <Ctry>FR</Ctry>
        </PstlAdr>
    </Dbtr>
    <DbtrAcct>
        <Id>
            <IBAN>FR0000000000000000000000000</IBAN>
        </Id>
    </DbtrAcct>
    <RmtInf>
        <Ustrd>Remitance Info</Ustrd>
    </RmtInf>
</DrctDbtTxInf>
<DrctDbtTxInf>
    <PmtId>
        <EndToEndId>ERRORE2E-13</EndToEndId>
    </PmtId>
    <PmtTpInf>
        <InstrPrty>NORM</InstrPrty>
        <SeqTp>FRST</SeqTp>
    </PmtTpInf>
    <InstdAmt Ccy="EUR">100</InstdAmt>
    <ChrgBr>SLEV</ChrgBr>
    <DrctDbtTx>
        <MndtRltdInf>
            <MndtId>ERRORUMR-13</MndtId>
            <DtOfSgntr>2014-11-26</DtOfSgntr>
        </MndtRltdInf>
    </DrctDbtTx>
    <DbtrAgt>
        <FinInstnId>
            <BIC>JAKYFRPPXXX</BIC>
        </FinInstnId>
    </DbtrAgt>
    <Dbtr>
        <Nm>Monsieur tout le monde</Nm>
        <PstlAdr>
            <StrtNm>Bd Vivier Merle</StrtNm>
            <TwnNm>Lyon</TwnNm>
            <Ctry>FR</Ctry>
        </PstlAdr>
    </Dbtr>
    <DbtrAcct>
        <Id>
            <IBAN>FR0000000000000000000000000</IBAN>
        </Id>
    </DbtrAcct>
    <RmtInf>
        <Ustrd>Remitance Info</Ustrd>
    </RmtInf>
</DrctDbtTxInf>
<DrctDbtTxInf>
    <PmtId>
        <EndToEndId>ERRORE2E-14</EndToEndId>
    </PmtId>
    <PmtTpInf>
        <InstrPrty>NORM</InstrPrty>
        <SeqTp>FRST</SeqTp>
    </PmtTpInf>
    <InstdAmt Ccy="EUR">100</InstdAmt>
    <ChrgBr>SLEV</ChrgBr>
    <DrctDbtTx>
        <MndtRltdInf>
            <MndtId>ERRORUMR-14</MndtId>
            <DtOfSgntr>2014-11-26</DtOfSgntr>
        </MndtRltdInf>
    </DrctDbtTx>
    <DbtrAgt>
        <FinInstnId>
            <BIC>JAKYFRPPXXX</BIC>
        </FinInstnId>
    </DbtrAgt>
    <Dbtr>
        <Nm>Monsieur tout le monde</Nm>
        <PstlAdr>
            <StrtNm>Bd Vivier Merle</StrtNm>
            <TwnNm>Lyon</TwnNm>
            <Ctry>FR</Ctry>
        </PstlAdr>
    </Dbtr>
    <DbtrAcct>
        <Id>
            <IBAN>FR0000000000000000000000000</IBAN>
        </Id>
    </DbtrAcct>
    <RmtInf>
        <Ustrd>Remitance Info</Ustrd>
    </RmtInf>
</DrctDbtTxInf>
<DrctDbtTxInf>
    <PmtId>
        <EndToEndId>ERRORE2E-15</EndToEndId>
    </PmtId>
    <PmtTpInf>
        <InstrPrty>NORM</InstrPrty>
        <SeqTp>FRST</SeqTp>
    </PmtTpInf>
    <InstdAmt Ccy="EUR">100</InstdAmt>
    <ChrgBr>SLEV</ChrgBr>
    <DrctDbtTx>
        <MndtRltdInf>
            <MndtId>ERRORUMR-15</MndtId>
            <DtOfSgntr>2014-11-26</DtOfSgntr>
        </MndtRltdInf>
    </DrctDbtTx>
    <DbtrAgt>
        <FinInstnId>
            <BIC>JAKYFRPPXXX</BIC>
        </FinInstnId>
    </DbtrAgt>
    <Dbtr>
        <Nm>Monsieur tout le monde</Nm>
        <PstlAdr>
            <StrtNm>Bd Vivier Merle</StrtNm>
            <TwnNm>Lyon</TwnNm>
            <Ctry>FR</Ctry>
        </PstlAdr>
    </Dbtr>
    <DbtrAcct>
        <Id>
            <IBAN>FR0000000000000000000000000</IBAN>
        </Id>
    </DbtrAcct>
    <RmtInf>
        <Ustrd>Remitance Info</Ustrd>
    </RmtInf>
</DrctDbtTxInf>
<DrctDbtTxInf>
    <PmtId>
        <EndToEndId>ERRORE2E-16</EndToEndId>
    </PmtId>
    <PmtTpInf>
        <InstrPrty>NORM</InstrPrty>
        <SeqTp>FRST</SeqTp>
    </PmtTpInf>
    <InstdAmt Ccy="EUR">100</InstdAmt>
    <ChrgBr>SLEV</ChrgBr>
    <DrctDbtTx>
        <MndtRltdInf>
            <MndtId>ERRORUMR-16</MndtId>
            <DtOfSgntr>2014-11-26</DtOfSgntr>
        </MndtRltdInf>
    </DrctDbtTx>
    <DbtrAgt>
        <FinInstnId>
            <BIC>JAKYFRPPXXX</BIC>
        </FinInstnId>
    </DbtrAgt>
    <Dbtr>
        <Nm>Monsieur tout le monde</Nm>
        <PstlAdr>
            <StrtNm>Bd Vivier Merle</StrtNm>
            <TwnNm>Lyon</TwnNm>
            <Ctry>FR</Ctry>
        </PstlAdr>
    </Dbtr>
    <DbtrAcct>
        <Id>
            <IBAN>FR0000000000000000000000000</IBAN>
        </Id>
    </DbtrAcct>
    <RmtInf>
        <Ustrd>Remitance Info</Ustrd>
    </RmtInf>
</DrctDbtTxInf>
<DrctDbtTxInf>
    <PmtId>
        <EndToEndId>ERRORE2E-17</EndToEndId>
    </PmtId>
    <PmtTpInf>
        <InstrPrty>NORM</InstrPrty>
        <SeqTp>FRST</SeqTp>
    </PmtTpInf>
    <InstdAmt Ccy="EUR">100</InstdAmt>
    <ChrgBr>SLEV</ChrgBr>
    <DrctDbtTx>
        <MndtRltdInf>
            <MndtId>ERRORUMR-17</MndtId>
            <DtOfSgntr>2014-11-26</DtOfSgntr>
        </MndtRltdInf>
    </DrctDbtTx>
    <DbtrAgt>
        <FinInstnId>
            <BIC>JAKYFRPPXXX</BIC>
        </FinInstnId>
    </DbtrAgt>
    <Dbtr>
        <Nm>Monsieur tout le monde</Nm>
        <PstlAdr>
            <StrtNm>Bd Vivier Merle</StrtNm>
            <TwnNm>Lyon</TwnNm>
            <Ctry>FR</Ctry>
        </PstlAdr>
    </Dbtr>
    <DbtrAcct>
        <Id>
            <IBAN>FR0000000000000000000000000</IBAN>
        </Id>
    </DbtrAcct>
    <RmtInf>
        <Ustrd>Remitance Info</Ustrd>
    </RmtInf>
</DrctDbtTxInf>
<DrctDbtTxInf>
    <PmtId>
        <EndToEndId>ERRORE2E-18</EndToEndId>
    </PmtId>
    <PmtTpInf>
        <InstrPrty>NORM</InstrPrty>
        <SeqTp>FRST</SeqTp>
    </PmtTpInf>
    <InstdAmt Ccy="EUR">100</InstdAmt>
    <ChrgBr>SLEV</ChrgBr>
    <DrctDbtTx>
        <MndtRltdInf>
            <MndtId>ERRORUMR-18</MndtId>
            <DtOfSgntr>2014-11-26</DtOfSgntr>
        </MndtRltdInf>
    </DrctDbtTx>
    <DbtrAgt>
        <FinInstnId>
            <BIC>JAKYFRPPXXX</BIC>
        </FinInstnId>
    </DbtrAgt>
    <Dbtr>
        <Nm>Monsieur tout le monde</Nm>
        <PstlAdr>
            <StrtNm>Bd Vivier Merle</StrtNm>
            <TwnNm>Lyon</TwnNm>
            <Ctry>FR</Ctry>
        </PstlAdr>
    </Dbtr>
    <DbtrAcct>
        <Id>
            <IBAN>FR0000000000000000000000000</IBAN>
        </Id>
    </DbtrAcct>
    <RmtInf>
        <Ustrd>Remitance Info</Ustrd>
    </RmtInf>
</DrctDbtTxInf>
<DrctDbtTxInf>
    <PmtId>
        <EndToEndId>ERRORE2E-19</EndToEndId>
    </PmtId>
    <PmtTpInf>
        <InstrPrty>NORM</InstrPrty>
        <SeqTp>FRST</SeqTp>
    </PmtTpInf>
    <InstdAmt Ccy="EUR">100</InstdAmt>
    <ChrgBr>SLEV</ChrgBr>
    <DrctDbtTx>
        <MndtRltdInf>
            <MndtId>ERRORUMR-19</MndtId>
            <DtOfSgntr>2014-11-26</DtOfSgntr>
        </MndtRltdInf>
    </DrctDbtTx>
    <DbtrAgt>
        <FinInstnId>
            <BIC>JAKYFRPPXXX</BIC>
        </FinInstnId>
    </DbtrAgt>
    <Dbtr>
        <Nm>Monsieur tout le monde</Nm>
        <PstlAdr>
            <StrtNm>Bd Vivier Merle</StrtNm>
            <TwnNm>Lyon</TwnNm>
            <Ctry>FR</Ctry>
        </PstlAdr>
    </Dbtr>
    <DbtrAcct>
        <Id>
            <IBAN>FR0000000000000000000000000</IBAN>
        </Id>
    </DbtrAcct>
    <RmtInf>
        <Ustrd>Remitance Info</Ustrd>
    </RmtInf>
</DrctDbtTxInf>
</PmtInf>
</CstmrDrctDbtInitn>
</Document>